<?xml version="1.0" encoding="UTF-8"?><record xmlns="http://www.loc.gov/MARC21/slim" xmlns:cinclude="http://apache.org/cocoon/include/1.0" xmlns:zs="http://www.loc.gov/zing/srw/">
  <leader>00655cz  a2200169n  4500</leader>
  <controlfield tag="001">n  88627528 </controlfield>
  <controlfield tag="003">DLC</controlfield>
  <controlfield tag="005">20080301080113.0</controlfield>
  <controlfield tag="008">880413n| acannaabn          |a ana      </controlfield>
  <datafield tag="010" ind1=" " ind2=" ">
    <subfield code="a">n  88627528 </subfield>
  </datafield>
  <datafield tag="035" ind1=" " ind2=" ">
    <subfield code="a">(OCoLC)oca02254948</subfield>
  </datafield>
  <datafield tag="040" ind1=" " ind2=" ">
    <subfield code="a">DLC</subfield>
    <subfield code="b">eng</subfield>
    <subfield code="c">DLC</subfield>
    <subfield code="d">DLC</subfield>
    <subfield code="d">MH</subfield>
    <subfield code="d">OCoLC</subfield>
  </datafield>
  <datafield tag="110" ind1="2" ind2=" ">
    <subfield code="a">Faculte휍혖 des sciences juridiques de Rennes.</subfield>
    <subfield code="b">Centre de documentation juridique de l'Ouest</subfield>
  </datafield>
  <datafield tag="410" ind1="2" ind2=" ">
    <subfield code="a">C.D.J.O.</subfield>
  </datafield>
  <datafield tag="410" ind1="2" ind2=" ">
    <subfield code="a">CDJO</subfield>
  </datafield>
  <datafield tag="670" ind1=" " ind2=" ">
    <subfield code="a">Le Droit contemporain des contrats, c1987:</subfield>
    <subfield code="b">t.p. (Centre de documentation juridique de l'Ouest, Faculte휍혖 des sciences juridiques de Rennes)</subfield>
  </datafield>
  <datafield tag="670" ind1=" " ind2=" ">
    <subfield code="a">Revue juridique de l'Ouest, 1988:</subfield>
    <subfield code="b">cover (CDJO) cover p. 3 (C.D.J.O.)</subfield>
  </datafield>
</record>